% First introduction of personas
@book{cooper2004inmates,
  title={The inmates are running the asylum: Why high-tech products drive us crazy and how to restore the sanity},
  author={Cooper, Alan and others},
  volume={2},
  year={2004},
  publisher={Sams Indianapolis}
}

% Definition of persona
@book{pruitt2010persona,
  title={The persona lifecycle: keeping people in mind throughout product design},
  author={Pruitt, John and Adlin, Tamara},
  year={2010},
  publisher={Elsevier}
}

% Personas used in healthcare
@article{vosbergen2015using,
  title={Using personas to tailor educational messages to the preferences of coronary heart disease patients},
  author={Vosbergen, Sandra and Mulder-Wiggers, JMR and Lacroix, JP and Kemps, HMC and Kraaijenhagen, Roderik A and Jaspers, Monique WM and Peek, Niels},
  journal={Journal of biomedical informatics},
  volume={53},
  pages={100--112},
  year={2015},
  publisher={Elsevier}
}

% Approaches on qualitative vs quantitative personas
@article{mulder2007approaches,
  title={Approaches to creating personas},
  author={Mulder, Steve and Yaar, Z},
  journal={The user is always right: A practical guide to creating and using personas for the web. Berkeley, CA: New Riders},
  pages={33--54},
  year={2007}
}

% Review dei metodi di creazione di quantitative persona, definisce l'evoluzione dello stato dell'arte
@article{salminen2021survey,
  title={A Survey of 15 Years of Data-Driven Persona Development},
  author={Salminen, Joni and Guan, Kathleen and Jung, Soon-Gyo and Jansen, Bernard J},
  journal={International Journal of Human--Computer Interaction},
  pages={1--24},
  year={2021},
  publisher={Taylor \& Francis}
}

% Popolarizza data-driven personas; usa factor analysis
@inproceedings{mcginn2008data,
  title={Data-driven persona development},
  author={McGinn, Jennifer and Kotamraju, Nalini},
  booktitle={Proceedings of the SIGCHI conference on human factors in computing systems},
  pages={1521--1524},
  year={2008}
}

% Introduce PCA come quantitative method da affiancare a qualitative methods
@inproceedings{sinha2003persona,
  title={Persona development for information-rich domains},
  author={Sinha, Rashmi},
  booktitle={CHI'03 extended abstracts on Human factors in computing systems},
  pages={830--831},
  year={2003}
}

% Chiarisce i 4 passi per combinare quantitative e qualitative, con clustering
@inproceedings{tu2010combine,
  title={Combine qualitative and quantitative methods to create persona},
  author={Tu, Nan and He, Qiuyun and Zhang, Tian and Zhang, Haofeng and Li, Yahui and Xu, Han and Xiang, Yang},
  booktitle={2010 3rd International Conference on Information Management, Innovation Management and Industrial Engineering},
  volume={3},
  pages={597--603},
  year={2010},
  organization={IEEE}
}

% Fornisce chiare istruzioni per creare e usare personas. Citato perché fornisce un template per questionari
@article{olsen2004persona,
  title={Persona creation and usage toolkit},
  author={Olsen, George},
  journal={Retrieved March},
  volume={25},
  pages={2014},
  year={2004}
}

@inproceedings{pruitt2003personas,
  title={Personas: practice and theory},
  author={Pruitt, John and Grudin, Jonathan},
  booktitle={Proceedings of the 2003 conference on Designing for user experiences},
  pages={1--15},
  year={2003}
}

% Argomenti contro le personas
@inproceedings{chapman2006personas,
  title={The personas' new clothes: methodological and practical arguments against a popular method},
  author={Chapman, Christopher N and Milham, Russell P},
  booktitle={Proceedings of the human factors and ergonomics society annual meeting},
  volume={50},
  number={5},
  pages={634--636},
  year={2006},
  organization={SAGE Publications Sage CA: Los Angeles, CA}
}

% Studied different clustering algorithms: k-means not good because #clusters is hyperparameter, Q-SIM is good
@inproceedings{masiero2013automa,
  title={Automa-persona: A process to extract knowledge automatic for improving personas},
  author={Masiero, Andrey Araujo and de Carvalho Destro, Ricardo and Curioni, Otavio Alberto and Junior, Plinio Thomaz Aquino},
  booktitle={International Conference on Human-Computer Interaction},
  pages={61--64},
  year={2013},
  organization={Springer}
}

% Used Q-SIM and Big Five framework
@inproceedings{dos2014behavioral,
  title={Behavioral persona for human-robot interaction: a study based on pet robot},
  author={dos Santos, Thiago Freitas and de Castro, Danilo Gouveia and Masiero, Andrey Araujo and Junior, Plinio Thomaz Aquino},
  booktitle={International Conference on Human-Computer Interaction},
  pages={687--696},
  year={2014},
  organization={Springer}
}

% Used NLP techniques instead of clustering for persona generation
@inproceedings{bamman2013learning,
  title={Learning latent personas of film characters},
  author={Bamman, David and O’Connor, Brendan and Smith, Noah A},
  booktitle={Proceedings of the 51st Annual Meeting of the Association for Computational Linguistics (Volume 1: Long Papers)},
  pages={352--361},
  year={2013}
}

% Used clickstream and telemetry data for building personas (easy to update)
@inproceedings{zhang2016data,
  title={Data-driven personas: Constructing archetypal users with clickstreams and user telemetry},
  author={Zhang, Xiang and Brown, Hans-Frederick and Shankar, Anil},
  booktitle={Proceedings of the 2016 CHI conference on human factors in computing systems},
  pages={5350--5359},
  year={2016}
}

% Statistics from gaming used for persona creation
@inproceedings{tychsen2008defining,
  title={Defining personas in games using metrics},
  author={Tychsen, Anders and Canossa, Alessandro},
  booktitle={Proceedings of the 2008 conference on future play: Research, play, share},
  pages={73--80},
  year={2008}
}

% Data collection from online health communities forums
@article{huh2016personas,
  title={Personas in online health communities},
  author={Huh, Jina and Kwon, Bum Chul and Kim, Sung-Hee and Lee, Sukwon and Choo, Jaegul and Kim, Jihoon and Choi, Min-Je and Yi, Ji Soo},
  journal={Journal of biomedical informatics},
  volume={63},
  pages={212--225},
  year={2016},
  publisher={Elsevier}
}

% Personas from YouTube
@article{an2018imaginary,
  title={Imaginary people representing real numbers: Generating personas from online social media data},
  author={An, Jisun and Kwak, Haewoon and Jung, Soongyo and Salminen, Joni and Admad, M and Jansen, B},
  journal={ACM Transactions on the Web (TWEB)},
  volume={12},
  number={4},
  pages={1--26},
  year={2018},
  publisher={ACM New York, NY, USA}
}

% Parallel between personas and social media profiles
@article{humphrey2017user,
  title={User personas and social media profile},
  author={Humphrey, Aaron},
  journal={Persona Studies},
  volume={3},
  number={2},
  pages={13--20},
  year={2017}
}

% BBC news article about 70 million suspicious Twitter users banned
@misc{twitter2018suspicious,
  author={BBC News},
  title={Twitter 'shuts down millions of fake accounts'},
  month={July},
  year={2018},
  howpublished={\url{https://www.bbc.com/news/technology-44682354}},
  note={Accessed: 14 May 2021}
}
  
% Facebook API hard to use, only used Twitter bio
@inproceedings{an2016towards,
  title={Towards automatic persona generation using social media},
  author={An, Jisun and Cho, Hoyoun and Kwak, Haewoon and Hassen, Mohammed Ziyaad and Jansen, Bernard J},
  booktitle={2016 IEEE 4th International Conference on Future Internet of Things and Cloud Workshops (FiCloudW)},
  pages={206--211},
  year={2016},
  organization={IEEE}
}

% PHD Thesis on personas from twitter
@phdthesis{sruthi2020thesis,
  author = {Sruthi, Thomas},
  year = {2020},
  month = {12},
  school = {University of Glasgow, School of Computing Science},
  title = {Twitter Based User Personas and Topic Recommendations using Non- Negative Matrix Factorization Education Use Consent}
}

% Explaining NNMF for YouTube data
@article{an2018customer,
  title={Customer segmentation using online platforms: isolating behavioral and demographic segments for persona creation via aggregated user data},
  author={An, Jisun and Kwak, Haewoon and Jung, Soon-gyo and Salminen, Joni and Jansen, Bernard J},
  journal={Social Network Analysis and Mining},
  volume={8},
  number={1},
  pages={1--19},
  year={2018},
  publisher={Springer}
}

% Future of personas, talk about problems
@inproceedings{salminen2019future,
  title={The Future of Data-driven Personas: A Marriage of Online Analytics Numbers and Human Attributes.},
  author={Salminen, Joni and Jung, Soon-gyo and Jansen, Bernard J},
  booktitle={ICEIS (1)},
  pages={608--615},
  year={2019}
}

% Assigning names to personas
@inproceedings{jung2021all,
  title={All About the Name: Assigning Demographically Appropriate Names to Data-Driven Entities},
  author={Jung, Soon-Gyo and Salminen, Joni and Jansen, Bernard J},
  booktitle={Proceedings of the 54th Hawaii International Conference on System Sciences},
  pages={4034},
  year={2021}
}

% AI generated photos for personas
@article{salminen2020using,
  title={Using artificially generated pictures in customer-facing systems: an evaluation study with data-driven personas},
  author={Salminen, Joni and Jung, Soon-gyo and Kamel, Ahmed Mohamed Sayed and Santos, Jo{\~a}o M and Jansen, Bernard J},
  journal={Behaviour \& Information Technology},
  pages={1--17},
  year={2020},
  publisher={Taylor \& Francis}
}

% Evaluation of demographics predictions
@article{cesare2017well,
  title={How well can machine learning predict demographics of social media users?},
  author={Cesare, Nina and Grant, Christan and Nguyen, Quynh and Lee, Hedwig and Nsoesie, Elaine O},
  journal={arXiv preprint arXiv:1702.01807},
  year={2017}
}

% Predicting personalities with social behavior
@inproceedings{adali2012predicting,
  title={Predicting personality with social behavior},
  author={Adali, Sibel and Golbeck, Jennifer},
  booktitle={2012 IEEE/ACM International Conference on Advances in Social Networks Analysis and Mining},
  pages={302--309},
  year={2012},
  organization={IEEE}
}

% Predicting personalities from Twitter
@inproceedings{golbeck2011predicting,
  title={Predicting personality from twitter},
  author={Golbeck, Jennifer and Robles, Cristina and Edmondson, Michon and Turner, Karen},
  booktitle={2011 IEEE third international conference on privacy, security, risk and trust and 2011 IEEE third international conference on social computing},
  pages={149--156},
  year={2011},
  organization={IEEE}
}

% Personality from images
@article{rodriguez2020personality,
  title={Personality Trait Analysis in Social Networks Based on Weakly Supervised Learning of Shared Images},
  author={Rodr{\'\i}guez, Pau and Velazquez, Diego and Cucurull, Guillem and Gonfaus, Josep M and Roca, F Xavier and Ozawa, Seiichi and Gonz{\`a}lez, Jordi},
  journal={Applied Sciences},
  volume={10},
  number={22},
  pages={8170},
  year={2020},
  publisher={Multidisciplinary Digital Publishing Institute}
}

% Sentiment analysis from social media
@inproceedings{neri2012sentiment,
  title={Sentiment analysis on social media},
  author={Neri, Federico and Aliprandi, Carlo and Capeci, Federico and Cuadros, Montserrat and By, Tomas},
  booktitle={2012 IEEE/ACM International Conference on Advances in Social Networks Analysis and Mining},
  pages={919--926},
  year={2012},
  organization={IEEE}
}

% Sentiment and topic analysis from social media
@inproceedings{huang2013sentiment,
  title={Sentiment and topic analysis on social media: a multi-task multi-label classification approach},
  author={Huang, Shu and Peng, Wei and Li, Jingxuan and Lee, Dongwon},
  booktitle={Proceedings of the 5th annual ACM web science conference},
  pages={172--181},
  year={2013}
}

% State of art for semantic analysis
@article{maulud2021state,
  title={State of art for semantic analysis of natural language processing},
  author={Maulud, Dastan Hussen and Zeebaree, Subhi RM and Jacksi, Karwan and Sadeeq, Mohammed A Mohammed and Sharif, Karzan Hussein},
  journal={Qubahan Academic Journal},
  volume={1},
  number={2},
  pages={21--28},
  year={2021}
}

% Several user properties inferred from social media texts
@inproceedings{volkova2015inferring,
  title={Inferring latent user properties from texts published in social media},
  author={Volkova, Svitlana and Bachrach, Yoram and Armstrong, Michael and Sharma, Vijay},
  booktitle={Proceedings of the AAAI Conference on Artificial Intelligence},
  volume={29},
  number={1},
  year={2015}
}

% Gower distance
@article{tuerhong2014gower,
  title={Gower distance-based multivariate control charts for a mixture of continuous and categorical variables},
  author={Tuerhong, Gulanbaier and Kim, Seoung Bum},
  journal={Expert systems with applications},
  volume={41},
  number={4},
  pages={1701--1707},
  year={2014},
  publisher={Elsevier}
}



% =================================================================================